<record><leader>00000cas a22000007a 4500</leader><controlfield tag="001">20764491</controlfield><controlfield tag="008">891211d19071917ohudn ne      0    0eng d</controlfield><datafield ind1=" " ind2=" " tag="010"><subfield code="a">sn 89076225 </subfield></datafield><datafield ind1=" " ind2=" " tag="040"><subfield code="a">ONP</subfield><subfield code="b">eng</subfield><subfield code="c">ONP</subfield><subfield code="d">OCLCQ</subfield></datafield><datafield ind1=" " ind2=" " tag="042"><subfield code="a">msc</subfield></datafield><datafield ind1="0" ind2=" " tag="130"><subfield code="a">Guernsey times (Cambridge, Ohio : 1907)</subfield></datafield><datafield ind1="1" ind2="0" tag="245"><subfield code="a">Guernsey times.</subfield></datafield><datafield ind1=" " ind2=" " tag="260"><subfield code="a">Cambridge, Ohio :</subfield><subfield code="b">Guernsey Times Co.,</subfield><subfield code="c">1907-1917.</subfield></datafield><datafield ind1=" " ind2=" " tag="300"><subfield code="a">v.</subfield></datafield><datafield ind1=" " ind2=" " tag="310"><subfield code="a">Daily (except Sun.)</subfield></datafield><datafield ind1="0" ind2=" " tag="362"><subfield code="a">Vol. 10, no. 209 (Aug. 31, 1907)-v. 22, no. 167 (July 14, 1917).</subfield></datafield><datafield ind1=" " ind2=" " tag="580"><subfield code="a">Weekly eds.: Weekly Guernsey times, 1907-1909; and: Republican press and the weekly Guernsey times, 1909-191u; and: Guernsey times (Cambridge, Ohio : 1912), 191u-19uu.</subfield></datafield><datafield ind1=" " ind2="4" tag="651"><subfield code="a">Cambridge (Ohio)</subfield><subfield code="v">Newspapers.</subfield></datafield><datafield ind1=" " ind2="4" tag="651"><subfield code="a">Guernsey County (Ohio)</subfield><subfield code="v">Newspapers.</subfield></datafield><datafield ind1=" " ind2=" " tag="752"><subfield code="a">United States</subfield><subfield code="b">Ohio</subfield><subfield code="c">Guernsey</subfield><subfield code="d">Cambridge.</subfield></datafield><datafield ind1="1" ind2=" " tag="775"><subfield code="t">Weekly Guernsey times</subfield><subfield code="w">(DLC)sn 84028577</subfield></datafield><datafield ind1="1" ind2=" " tag="775"><subfield code="t">Republican press and the weekly Guernsey times</subfield><subfield code="w">(DLC)sn 89076224</subfield></datafield><datafield ind1="1" ind2=" " tag="775"><subfield code="t">Guernsey times (Camabridge, Ohio : 1912)</subfield><subfield code="w">(DLC)sn 89076226</subfield></datafield><datafield ind1="0" ind2="0" tag="780"><subfield code="t">Daily Guernsey times (Cambridge, Ohio : 1897)</subfield><subfield code="w">(DLC)sn 84028579</subfield></datafield><datafield ind1="0" ind2="0" tag="785"><subfield code="t">Cambridge times</subfield><subfield code="w">(DLC)sn 89076227</subfield></datafield><datafield ind1="1" ind2=" " tag="029"><subfield code="a">AU@</subfield><subfield code="b">000020576951</subfield></datafield></record>